
@article{das2020,
	title = {Salary Prediction Using Regression Techniques},
	author = {Das, Sayan and Barik, Rupashri and Mukherjee, Ayush},
	year = {2020},
	date = {2020},
	journal = {SSRN Electronic Journal},
	doi = {10.2139/ssrn.3526707},
	url = {http://dx.doi.org/10.2139/ssrn.3526707},
	langid = {en}
}
